@article{staddon2003operant,
  author  = {Staddon, J. E. R. and Cerutti, D. T.},
  title   = {Operant Conditioning},
  journal = {Annual Review of Psychology},
  volume  = {54},
  year    = {2003},
  pages   = {115--144},
  doi     = {10.1146/annurev.psych.54.101601.145124}
}

@article{liu2022immediate,
  author  = {Liu, Yuxia and Yang, Yang and Bai, Xue and Chen, Yujie and Mo, Lei},
  title   = {Do Immediate External Rewards Really Enhance Intrinsic Motivation?},
  journal = {Frontiers in Psychology},
  volume  = {13},
  year    = {2022},
  month   = may,
  doi     = {10.3389/fpsyg.2022.853879}
}

@misc{smithsonian2016benefits,
  author       = {{Smithsonian Science Education Center}},
  title        = {5 Benefits of Gamification},
  year         = {2016},
  howpublished = {\url{http://ssec.si.edu/stemvisions-blog/5-benefits-gamification}}
}

@article{cepeda2006distributed,
  author  = {Cepeda, N. J. and Pashler, H. and Vul, E. and Wixted, J. T. and Rohrer, D.},
  title   = {Distributed Practice in Verbal Recall Tasks: A Review and Quantitative Synthesis},
  journal = {Psychological Bulletin},
  volume  = {132},
  number  = {3},
  year    = {2006},
  pages   = {354--380}
}